@article{first,
author={J. P. Bell and S. Gerhold},
title={On the positivity set of a linear recurrence},
journal={Israel Jour. Math, 57},
year={2007}
}


@article{second,
author={N. Bourbaki},
journal={Elements of Mathematics: General Topology (Part 2)},
volume={Addison-Wesley},
year={1966}
}

@article{third,
author={M. Mignotte},
title={Some useful bounds In},
journal={In Computer Algebra},
year={1982}
}

@article{fourth,
author={James Renegar},
title={On the computational complexity and geometry of the first-order theory of
the reals},
volume={part i: Introduction. preliminaries. the geometry of semi-algebraic sets. the decision
problem for the existential theory of the reals},
journal={J. Symb. Comput., 13:255â€“300},
year={1992}
}